@inproceedings{Behr2009,
	author = {Behr, J. and Eschler, P. and Jung, Y. and Zöllner, M.},
	title = {X3DOM: A DOM-based HTML5/X3D Integration Model},
	booktitle = {Proceedings of the 14th International Conference on 3D Web Technology},
	series = {Web3D '09},
	year = {2009},
	isbn = {978-1-60558-432-4},
	location = {Darmstadt, Germany},
	pages = {127--135},
	numpages = {9},
	url = {http://doi.acm.org/10.1145/1559764.1559784},
	doi = {10.1145/1559764.1559784},
	acmid = {1559784},
	publisher = {ACM},
	address = {New York, NY, USA},
	keywords = {DOM, HTML5, X3D, real-time, web integration},
}

@online{Belk2010,
	author  = {Jim Belk},
	title   = {Unit circle angles color},
	year    = {2010},
	urldate = {2017-01-13},
	url     = {https://de.wikipedia.org/wiki/Datei:Unit_circle_angles_color.svg},
	note    = {Veröffentlicht unter der CC-BY 3.0 Lizenz. Nachbearbeitung von Steven Kalinke},
}

@inproceedings{Borgo2013,
	booktitle = {Eurographics 2013 - State of the Art Reports},
	editor = {M. Sbert and L. Szirmay-Kalos},
	title={Glyph-based Visualization: Foundations, Design Guidelines, Techniques and Applications},
	author={Borgo, R. and Kehrer, J. and Chung, D. H. S. and Maguire, E. and Laramee, R. S. and Hauser, H. and Ward, M. and Chen, M.},
	year={2013},
	journal={Eurographics State of the Art Reports},
	note={\url{http://diglib.eg.org/EG/DL/conf/EG2013/stars/039-063.pdf}},
	publisher = {The Eurographics Association},
	ISSN = {1017-4656},
	DOI = {10.2312/conf/EG2013/stars/039-063},
	series={EG STARs},
	pages={39--63},
	URL={https://www.cg.tuwien.ac.at/research/publications/2013/borgo-2013-gly/},
}

@book{BrutzmanDaly2007,
	author = {Brutzman, Don and Daly, Leonard},
	title = {X3D: Extensible 3D Graphics for Web Authors},
	year = {2007},
	isbn = {9780080489889},
	publisher = {Morgan Kaufmann Publishers Inc.},
	address = {San Francisco, CA, USA},
} 

@book{Diehl2007,
	place={Berlin},
	title={Software Visualization: Visualizing the Structure, Behaviour, and Evolution of Software},
	publisher={Springer},
	author={Diehl, S.},
	year={2007}
}

@article{Friendly2009,
	author = {Friendly, Michael},
	doi = {10.1016/S1360-1385(01)02193-8},
	eprint = {NIHMS150003},
	isbn = {3540256776},
	issn = {13601385},
	journal = {Engineering},
	pages = {79},
	pmid = {11832280},
	title = {{Milestones in the history of thematic cartography, statistical graphics, and data visualization}},
	url = {http://www.math.usu.edu/~symanzik/teaching/2009_stat6560/Downloads/Friendly_milestone.pdf},
	year = {2008}
}


@book{Hamming1962,
	place={New York},
	title={Numerical methods for scientists and engineers},
	publisher={McGraw-Hill Book Company, Inc.},
	author={Hamming, R. W.},
	year={1962}
}

@article{MarcusEtAl2003,
	title={3D representations for software visualization},
	DOI={10.1145/774833.774837},
	journal={Proceedings of the 2003 ACM symposium on Software visualization - SoftVis '03},
	author={Marcus, A. and Feng, L. and Maletic, J. I.},
	year={2003},
	pages={1}
}

@article{MuellerZeckzer2015,
	title={The Recursive Disk Metaphor - A Glyph-based Approach for Software Visualization},
	DOI={10.5220/0005342701710176},
	journal={Proceedings of the 6th International Conference on Information Visualization Theory and Applications},
	author={Müller, R. and Zeckzer, D.},
	year={2015},
	isbn={978-989-758-088-8},
	pages={171-176}
}

@online{Oxford,
	author = {{Oxford University Press}},
	title = {visualization - definition of visualization in English | Oxford Dictionaries},
	year = {2000},
	url = {https://en.oxforddictionaries.com/definition/visualization},
	urldate = {2016-11-26}
}

@book{SchroederEtAl1998,
	place={Clifton Park, NY},
	edition={2},
	title={The visualization toolkit: an object-oriented approach to 3D graphics},
	publisher={Kitware},
	author={Schroeder, W. and Martin, K. and Lorensen, B.},
	year={1998},
	pages={83}
}

@article{StaplesBieman1999,
	title={3–D Visualization of Software Structure},
	volume={49},
	DOI={10.1016/s0065-2458(08)60284-3},
	journal={Advances in Computers},
	author={Staples, M. L. and Bieman, J. M.},
	year={1999},
	pages={96–143},
}

@Inbook{Ward2008,
	author={Ward, M. O.},
	title={Multivariate Data Glyphs: Principles and Practice},
	bookTitle={Handbook of Data Visualization},
	year={2008},
	publisher={Springer Berlin Heidelberg},
	address={Berlin, Heidelberg},
	pages={179--198},
	isbn={978-3-540-33037-0},
	doi={10.1007/978-3-540-33037-0_8},
	url={http://dx.doi.org/10.1007/978-3-540-33037-0_8}
}

@article{WildeHess2007,
	author={Wilde, T. and Hess, Thomas},
	title={Research methods in „Wirtschaftsinformatik --- An empirical study},
	journal={WIRTSCHAFTSINFORMATIK},
	year={2007},
	volume={49},
	number={4},
	pages={280--287},
	issn={1861-8936},
	doi={10.1007/s11576-007-0064-z},
	url={http://dx.doi.org/10.1007/s11576-007-0064-z}
}

@online{Web3D,
	author = {{Web3D Consortium}},
	title = {X3D \& VRML, The Most Widely Used 3D Formats | Web3D Consortium},
	url = {http://www.web3d.org/x3d-vrml-most-widely-used-3d-formats},
	year = {2001},
	urldate = {2017-01-17}
}

@online{x3dom,
	author = {{x3dom}},
	title = {x3dom.org},
	year = {2009},
	url = {https://www.x3dom.org/},
	urldate = {2017-01-17}
}

@online{IFS,
	author = {{x3dom API}},
	title = {X3DOM Scene Author API Documentation: Node: IndexedFaceSet},
	year = {2009},
	url = {https://doc.x3dom.org/author/Geometry3D/IndexedFaceSet.html},
	urldate = {2017-01-20}
}